%YAML 1.1
%TAG !u! tag:unity3d.com,2011:
--- !u!29 &1
OcclusionCullingSettings:
  m_ObjectHideFlags: 0
  serializedVersion: 2
  m_OcclusionBakeSettings:
    smallestOccluder: 5
    smallestHole: 0.25
    backfaceThreshold: 100
  m_SceneGUID: 00000000000000000000000000000000
  m_OcclusionCullingData: {fileID: 0}
--- !u!104 &2
RenderSettings:
  m_ObjectHideFlags: 0
  serializedVersion: 8
  m_Fog: 0
  m_FogColor: {r: 0.5, g: 0.5, b: 0.5, a: 1}
  m_FogMode: 3
  m_FogDensity: 0.01
  m_LinearFogStart: 0
  m_LinearFogEnd: 300
  m_AmbientSkyColor: {r: 0.212, g: 0.227, b: 0.259, a: 1}
  m_AmbientEquatorColor: {r: 0.114, g: 0.125, b: 0.133, a: 1}
  m_AmbientGroundColor: {r: 0.047, g: 0.043, b: 0.035, a: 1}
  m_AmbientIntensity: 1
  m_AmbientMode: 3
  m_SubtractiveShadowColor: {r: 0.42, g: 0.478, b: 0.627, a: 1}
  m_SkyboxMaterial: {fileID: 0}
  m_HaloStrength: 0.5
  m_FlareStrength: 1
  m_FlareFadeSpeed: 3
  m_HaloTexture: {fileID: 0}
  m_SpotCookie: {fileID: 10001, guid: 0000000000000000e000000000000000, type: 0}
  m_DefaultReflectionMode: 0
  m_DefaultReflectionResolution: 128
  m_ReflectionBounces: 1
  m_ReflectionIntensity: 1
  m_CustomReflection: {fileID: 0}
  m_Sun: {fileID: 0}
  m_IndirectSpecularColor: {r: 0, g: 0, b: 0, a: 1}
--- !u!157 &3
LightmapSettings:
  m_ObjectHideFlags: 0
  serializedVersion: 11
  m_GIWorkflowMode: 1
  m_GISettings:
    serializedVersion: 2
    m_BounceScale: 1
    m_IndirectOutputScale: 1
    m_AlbedoBoost: 1
    m_TemporalCoherenceThreshold: 1
    m_EnvironmentLightingMode: 0
    m_EnableBakedLightmaps: 0
    m_EnableRealtimeLightmaps: 0
  m_LightmapEditorSettings:
    serializedVersion: 9
    m_Resolution: 2
    m_BakeResolution: 40
    m_TextureWidth: 1024
    m_TextureHeight: 1024
    m_AO: 0
    m_AOMaxDistance: 1
    m_CompAOExponent: 1
    m_CompAOExponentDirect: 0
    m_Padding: 2
    m_LightmapParameters: {fileID: 0}
    m_LightmapsBakeMode: 1
    m_TextureCompression: 1
    m_FinalGather: 0
    m_FinalGatherFiltering: 1
    m_FinalGatherRayCount: 256
    m_ReflectionCompression: 2
    m_MixedBakeMode: 2
    m_BakeBackend: 0
    m_PVRSampling: 1
    m_PVRDirectSampleCount: 32
    m_PVRSampleCount: 500
    m_PVRBounces: 2
    m_PVRFiltering: 0
    m_PVRFilteringMode: 1
    m_PVRCulling: 1
    m_PVRFilteringGaussRadiusDirect: 1
    m_PVRFilteringGaussRadiusIndirect: 5
    m_PVRFilteringGaussRadiusAO: 2
    m_PVRFilteringAtrousColorSigma: 1
    m_PVRFilteringAtrousNormalSigma: 1
    m_PVRFilteringAtrousPositionSigma: 1
  m_LightingDataAsset: {fileID: 0}
  m_UseShadowmask: 1
--- !u!196 &4
NavMeshSettings:
  serializedVersion: 2
  m_ObjectHideFlags: 0
  m_BuildSettings:
    serializedVersion: 2
    agentTypeID: 0
    agentRadius: 0.5
    agentHeight: 2
    agentSlope: 45
    agentClimb: 0.4
    ledgeDropHeight: 0
    maxJumpAcrossDistance: 0
    minRegionArea: 2
    manualCellSize: 0
    cellSize: 0.16666667
    manualTileSize: 0
    tileSize: 256
    accuratePlacement: 0
  m_NavMeshData: {fileID: 0}
--- !u!1001 &151217967
Prefab:
  m_ObjectHideFlags: 0
  serializedVersion: 2
  m_Modification:
    m_TransformParent: {fileID: 0}
    m_Modifications:
    - target: {fileID: 4201707247579464, guid: fc28d4ce2e3bf8d45823de5c15131bce, type: 2}
      propertyPath: m_LocalPosition.x
      value: -6.35
      objectReference: {fileID: 0}
    - target: {fileID: 4201707247579464, guid: fc28d4ce2e3bf8d45823de5c15131bce, type: 2}
      propertyPath: m_LocalPosition.y
      value: 0.7
      objectReference: {fileID: 0}
    - target: {fileID: 4201707247579464, guid: fc28d4ce2e3bf8d45823de5c15131bce, type: 2}
      propertyPath: m_LocalPosition.z
      value: -2
      objectReference: {fileID: 0}
    - target: {fileID: 4201707247579464, guid: fc28d4ce2e3bf8d45823de5c15131bce, type: 2}
      propertyPath: m_LocalRotation.x
      value: -0
      objectReference: {fileID: 0}
    - target: {fileID: 4201707247579464, guid: fc28d4ce2e3bf8d45823de5c15131bce, type: 2}
      propertyPath: m_LocalRotation.y
      value: -0
      objectReference: {fileID: 0}
    - target: {fileID: 4201707247579464, guid: fc28d4ce2e3bf8d45823de5c15131bce, type: 2}
      propertyPath: m_LocalRotation.z
      value: -0
      objectReference: {fileID: 0}
    - target: {fileID: 4201707247579464, guid: fc28d4ce2e3bf8d45823de5c15131bce, type: 2}
      propertyPath: m_LocalRotation.w
      value: 1
      objectReference: {fileID: 0}
    - target: {fileID: 4201707247579464, guid: fc28d4ce2e3bf8d45823de5c15131bce, type: 2}
      propertyPath: m_RootOrder
      value: 1
      objectReference: {fileID: 0}
    - target: {fileID: 212219009637209952, guid: fc28d4ce2e3bf8d45823de5c15131bce,
        type: 2}
      propertyPath: m_Color.r
      value: 0.20392157
      objectReference: {fileID: 0}
    - target: {fileID: 212219009637209952, guid: fc28d4ce2e3bf8d45823de5c15131bce,
        type: 2}
      propertyPath: m_Color.g
      value: 0.20392157
      objectReference: {fileID: 0}
    - target: {fileID: 212219009637209952, guid: fc28d4ce2e3bf8d45823de5c15131bce,
        type: 2}
      propertyPath: m_Color.b
      value: 0.20392157
      objectReference: {fileID: 0}
    - target: {fileID: 114193406252627506, guid: fc28d4ce2e3bf8d45823de5c15131bce,
        type: 2}
      propertyPath: gameColor
      value: 6
      objectReference: {fileID: 0}
    - target: {fileID: 114193406252627506, guid: fc28d4ce2e3bf8d45823de5c15131bce,
        type: 2}
      propertyPath: nodeType
      value: 2
      objectReference: {fileID: 0}
    - target: {fileID: 212219009637209952, guid: fc28d4ce2e3bf8d45823de5c15131bce,
        type: 2}
      propertyPath: m_Color.a
      value: 0.88
      objectReference: {fileID: 0}
    m_RemovedComponents: []
  m_ParentPrefab: {fileID: 100100000, guid: fc28d4ce2e3bf8d45823de5c15131bce, type: 2}
  m_IsPrefabParent: 0
--- !u!1001 &427002456
Prefab:
  m_ObjectHideFlags: 0
  serializedVersion: 2
  m_Modification:
    m_TransformParent: {fileID: 0}
    m_Modifications:
    - target: {fileID: 4559473239162456, guid: 7ce4cba059e97704386acca7a3a2ac9e, type: 2}
      propertyPath: m_LocalPosition.x
      value: 0
      objectReference: {fileID: 0}
    - target: {fileID: 4559473239162456, guid: 7ce4cba059e97704386acca7a3a2ac9e, type: 2}
      propertyPath: m_LocalPosition.y
      value: 0
      objectReference: {fileID: 0}
    - target: {fileID: 4559473239162456, guid: 7ce4cba059e97704386acca7a3a2ac9e, type: 2}
      propertyPath: m_LocalPosition.z
      value: 0
      objectReference: {fileID: 0}
    - target: {fileID: 4559473239162456, guid: 7ce4cba059e97704386acca7a3a2ac9e, type: 2}
      propertyPath: m_LocalRotation.x
      value: 0
      objectReference: {fileID: 0}
    - target: {fileID: 4559473239162456, guid: 7ce4cba059e97704386acca7a3a2ac9e, type: 2}
      propertyPath: m_LocalRotation.y
      value: 0
      objectReference: {fileID: 0}
    - target: {fileID: 4559473239162456, guid: 7ce4cba059e97704386acca7a3a2ac9e, type: 2}
      propertyPath: m_LocalRotation.z
      value: 0
      objectReference: {fileID: 0}
    - target: {fileID: 4559473239162456, guid: 7ce4cba059e97704386acca7a3a2ac9e, type: 2}
      propertyPath: m_LocalRotation.w
      value: 1
      objectReference: {fileID: 0}
    - target: {fileID: 4559473239162456, guid: 7ce4cba059e97704386acca7a3a2ac9e, type: 2}
      propertyPath: m_RootOrder
      value: 3
      objectReference: {fileID: 0}
    - target: {fileID: 212830736147464880, guid: 7ce4cba059e97704386acca7a3a2ac9e,
        type: 2}
      propertyPath: m_Sprite
      value: 
      objectReference: {fileID: 21300000, guid: 300005f28e64e1f4fa06b5fba96927da,
        type: 3}
    m_RemovedComponents: []
  m_ParentPrefab: {fileID: 100100000, guid: 7ce4cba059e97704386acca7a3a2ac9e, type: 2}
  m_IsPrefabParent: 0
--- !u!1 &445191009
GameObject:
  m_ObjectHideFlags: 0
  m_PrefabParentObject: {fileID: 0}
  m_PrefabInternal: {fileID: 0}
  serializedVersion: 5
  m_Component:
  - component: {fileID: 445191014}
  - component: {fileID: 445191013}
  - component: {fileID: 445191012}
  - component: {fileID: 445191011}
  - component: {fileID: 445191010}
  m_Layer: 0
  m_Name: Main Camera
  m_TagString: MainCamera
  m_Icon: {fileID: 0}
  m_NavMeshLayer: 0
  m_StaticEditorFlags: 0
  m_IsActive: 1
--- !u!81 &445191010
AudioListener:
  m_ObjectHideFlags: 0
  m_PrefabParentObject: {fileID: 0}
  m_PrefabInternal: {fileID: 0}
  m_GameObject: {fileID: 445191009}
  m_Enabled: 1
--- !u!124 &445191011
Behaviour:
  m_ObjectHideFlags: 0
  m_PrefabParentObject: {fileID: 0}
  m_PrefabInternal: {fileID: 0}
  m_GameObject: {fileID: 445191009}
  m_Enabled: 1
--- !u!92 &445191012
Behaviour:
  m_ObjectHideFlags: 0
  m_PrefabParentObject: {fileID: 0}
  m_PrefabInternal: {fileID: 0}
  m_GameObject: {fileID: 445191009}
  m_Enabled: 1
--- !u!20 &445191013
Camera:
  m_ObjectHideFlags: 0
  m_PrefabParentObject: {fileID: 0}
  m_PrefabInternal: {fileID: 0}
  m_GameObject: {fileID: 445191009}
  m_Enabled: 1
  serializedVersion: 2
  m_ClearFlags: 1
  m_BackGroundColor: {r: 0.19215687, g: 0.3019608, b: 0.4745098, a: 0}
  m_NormalizedViewPortRect:
    serializedVersion: 2
    x: 0
    y: 0
    width: 1
    height: 1
  near clip plane: 0.3
  far clip plane: 1000
  field of view: 60
  orthographic: 1
  orthographic size: 5
  m_Depth: -1
  m_CullingMask:
    serializedVersion: 2
    m_Bits: 4294967295
  m_RenderingPath: -1
  m_TargetTexture: {fileID: 0}
  m_TargetDisplay: 0
  m_TargetEye: 3
  m_HDR: 1
  m_AllowMSAA: 1
  m_ForceIntoRT: 0
  m_OcclusionCulling: 1
  m_StereoConvergence: 10
  m_StereoSeparation: 0.022
  m_StereoMirrorMode: 0
--- !u!4 &445191014
Transform:
  m_ObjectHideFlags: 0
  m_PrefabParentObject: {fileID: 0}
  m_PrefabInternal: {fileID: 0}
  m_GameObject: {fileID: 445191009}
  m_LocalRotation: {x: 0, y: 0, z: 0, w: 1}
  m_LocalPosition: {x: 0, y: 0, z: -10}
  m_LocalScale: {x: 1, y: 1, z: 1}
  m_Children: []
  m_Father: {fileID: 0}
  m_RootOrder: 0
  m_LocalEulerAnglesHint: {x: 0, y: 0, z: 0}
--- !u!1001 &575016966
Prefab:
  m_ObjectHideFlags: 0
  serializedVersion: 2
  m_Modification:
    m_TransformParent: {fileID: 0}
    m_Modifications:
    - target: {fileID: 4786677228259270, guid: 224398d76def67d4d8866314e4c09de5, type: 2}
      propertyPath: m_LocalPosition.x
      value: -2.13
      objectReference: {fileID: 0}
    - target: {fileID: 4786677228259270, guid: 224398d76def67d4d8866314e4c09de5, type: 2}
      propertyPath: m_LocalPosition.y
      value: 1.75
      objectReference: {fileID: 0}
    - target: {fileID: 4786677228259270, guid: 224398d76def67d4d8866314e4c09de5, type: 2}
      propertyPath: m_LocalPosition.z
      value: -2
      objectReference: {fileID: 0}
    - target: {fileID: 4786677228259270, guid: 224398d76def67d4d8866314e4c09de5, type: 2}
      propertyPath: m_LocalRotation.x
      value: -0
      objectReference: {fileID: 0}
    - target: {fileID: 4786677228259270, guid: 224398d76def67d4d8866314e4c09de5, type: 2}
      propertyPath: m_LocalRotation.y
      value: -0
      objectReference: {fileID: 0}
    - target: {fileID: 4786677228259270, guid: 224398d76def67d4d8866314e4c09de5, type: 2}
      propertyPath: m_LocalRotation.z
      value: -0
      objectReference: {fileID: 0}
    - target: {fileID: 4786677228259270, guid: 224398d76def67d4d8866314e4c09de5, type: 2}
      propertyPath: m_LocalRotation.w
      value: 1
      objectReference: {fileID: 0}
    - target: {fileID: 4786677228259270, guid: 224398d76def67d4d8866314e4c09de5, type: 2}
      propertyPath: m_RootOrder
      value: 7
      objectReference: {fileID: 0}
    - target: {fileID: 114369049071903648, guid: 224398d76def67d4d8866314e4c09de5,
        type: 2}
      propertyPath: gameColor
      value: 0
      objectReference: {fileID: 0}
    - target: {fileID: 212744859012849384, guid: 224398d76def67d4d8866314e4c09de5,
        type: 2}
      propertyPath: m_Color.r
      value: 1
      objectReference: {fileID: 0}
    - target: {fileID: 212744859012849384, guid: 224398d76def67d4d8866314e4c09de5,
        type: 2}
      propertyPath: m_Color.g
      value: 0.36078432
      objectReference: {fileID: 0}
    - target: {fileID: 212744859012849384, guid: 224398d76def67d4d8866314e4c09de5,
        type: 2}
      propertyPath: m_Color.b
      value: 0.37254903
      objectReference: {fileID: 0}
    m_RemovedComponents: []
  m_ParentPrefab: {fileID: 100100000, guid: 224398d76def67d4d8866314e4c09de5, type: 2}
  m_IsPrefabParent: 0
--- !u!1001 &723595179
Prefab:
  m_ObjectHideFlags: 0
  serializedVersion: 2
  m_Modification:
    m_TransformParent: {fileID: 0}
    m_Modifications:
    - target: {fileID: 224994334946727726, guid: 0b187634dc4393e47bffbbfefb23b4e8,
        type: 2}
      propertyPath: m_LocalPosition.x
      value: 0
      objectReference: {fileID: 0}
    - target: {fileID: 224994334946727726, guid: 0b187634dc4393e47bffbbfefb23b4e8,
        type: 2}
      propertyPath: m_LocalPosition.y
      value: 0
      objectReference: {fileID: 0}
    - target: {fileID: 224994334946727726, guid: 0b187634dc4393e47bffbbfefb23b4e8,
        type: 2}
      propertyPath: m_LocalPosition.z
      value: 0
      objectReference: {fileID: 0}
    - target: {fileID: 224994334946727726, guid: 0b187634dc4393e47bffbbfefb23b4e8,
        type: 2}
      propertyPath: m_LocalRotation.x
      value: 0
      objectReference: {fileID: 0}
    - target: {fileID: 224994334946727726, guid: 0b187634dc4393e47bffbbfefb23b4e8,
        type: 2}
      propertyPath: m_LocalRotation.y
      value: 0
      objectReference: {fileID: 0}
    - target: {fileID: 224994334946727726, guid: 0b187634dc4393e47bffbbfefb23b4e8,
        type: 2}
      propertyPath: m_LocalRotation.z
      value: 0
      objectReference: {fileID: 0}
    - target: {fileID: 224994334946727726, guid: 0b187634dc4393e47bffbbfefb23b4e8,
        type: 2}
      propertyPath: m_LocalRotation.w
      value: 1
      objectReference: {fileID: 0}
    - target: {fileID: 224994334946727726, guid: 0b187634dc4393e47bffbbfefb23b4e8,
        type: 2}
      propertyPath: m_RootOrder
      value: 4
      objectReference: {fileID: 0}
    - target: {fileID: 224994334946727726, guid: 0b187634dc4393e47bffbbfefb23b4e8,
        type: 2}
      propertyPath: m_AnchoredPosition.x
      value: 0
      objectReference: {fileID: 0}
    - target: {fileID: 224994334946727726, guid: 0b187634dc4393e47bffbbfefb23b4e8,
        type: 2}
      propertyPath: m_AnchoredPosition.y
      value: 0
      objectReference: {fileID: 0}
    - target: {fileID: 224994334946727726, guid: 0b187634dc4393e47bffbbfefb23b4e8,
        type: 2}
      propertyPath: m_SizeDelta.x
      value: 0
      objectReference: {fileID: 0}
    - target: {fileID: 224994334946727726, guid: 0b187634dc4393e47bffbbfefb23b4e8,
        type: 2}
      propertyPath: m_SizeDelta.y
      value: 0
      objectReference: {fileID: 0}
    - target: {fileID: 224994334946727726, guid: 0b187634dc4393e47bffbbfefb23b4e8,
        type: 2}
      propertyPath: m_AnchorMin.x
      value: 0
      objectReference: {fileID: 0}
    - target: {fileID: 224994334946727726, guid: 0b187634dc4393e47bffbbfefb23b4e8,
        type: 2}
      propertyPath: m_AnchorMin.y
      value: 0
      objectReference: {fileID: 0}
    - target: {fileID: 224994334946727726, guid: 0b187634dc4393e47bffbbfefb23b4e8,
        type: 2}
      propertyPath: m_AnchorMax.x
      value: 0
      objectReference: {fileID: 0}
    - target: {fileID: 224994334946727726, guid: 0b187634dc4393e47bffbbfefb23b4e8,
        type: 2}
      propertyPath: m_AnchorMax.y
      value: 0
      objectReference: {fileID: 0}
    - target: {fileID: 224994334946727726, guid: 0b187634dc4393e47bffbbfefb23b4e8,
        type: 2}
      propertyPath: m_Pivot.x
      value: 0
      objectReference: {fileID: 0}
    - target: {fileID: 224994334946727726, guid: 0b187634dc4393e47bffbbfefb23b4e8,
        type: 2}
      propertyPath: m_Pivot.y
      value: 0
      objectReference: {fileID: 0}
    - target: {fileID: 1860602489822398, guid: 0b187634dc4393e47bffbbfefb23b4e8, type: 2}
      propertyPath: m_IsActive
      value: 1
      objectReference: {fileID: 0}
    m_RemovedComponents: []
  m_ParentPrefab: {fileID: 100100000, guid: 0b187634dc4393e47bffbbfefb23b4e8, type: 2}
  m_IsPrefabParent: 0
--- !u!1001 &1172410587
Prefab:
  m_ObjectHideFlags: 0
  serializedVersion: 2
  m_Modification:
    m_TransformParent: {fileID: 0}
    m_Modifications:
    - target: {fileID: 4173447985412760, guid: b64663ed5b0a03f4cb33fe0537155523, type: 2}
      propertyPath: m_LocalPosition.x
      value: 0.5493693
      objectReference: {fileID: 0}
    - target: {fileID: 4173447985412760, guid: b64663ed5b0a03f4cb33fe0537155523, type: 2}
      propertyPath: m_LocalPosition.y
      value: 4.0825663
      objectReference: {fileID: 0}
    - target: {fileID: 4173447985412760, guid: b64663ed5b0a03f4cb33fe0537155523, type: 2}
      propertyPath: m_LocalPosition.z
      value: -2
      objectReference: {fileID: 0}
    - target: {fileID: 4173447985412760, guid: b64663ed5b0a03f4cb33fe0537155523, type: 2}
      propertyPath: m_LocalRotation.x
      value: -0
      objectReference: {fileID: 0}
    - target: {fileID: 4173447985412760, guid: b64663ed5b0a03f4cb33fe0537155523, type: 2}
      propertyPath: m_LocalRotation.y
      value: -0
      objectReference: {fileID: 0}
    - target: {fileID: 4173447985412760, guid: b64663ed5b0a03f4cb33fe0537155523, type: 2}
      propertyPath: m_LocalRotation.z
      value: -0
      objectReference: {fileID: 0}
    - target: {fileID: 4173447985412760, guid: b64663ed5b0a03f4cb33fe0537155523, type: 2}
      propertyPath: m_LocalRotation.w
      value: 1
      objectReference: {fileID: 0}
    - target: {fileID: 4173447985412760, guid: b64663ed5b0a03f4cb33fe0537155523, type: 2}
      propertyPath: m_RootOrder
      value: 2
      objectReference: {fileID: 0}
    - target: {fileID: 114121138569712752, guid: b64663ed5b0a03f4cb33fe0537155523,
        type: 2}
      propertyPath: nodeType
      value: 3
      objectReference: {fileID: 0}
    - target: {fileID: 212536614802115988, guid: b64663ed5b0a03f4cb33fe0537155523,
        type: 2}
      propertyPath: m_Color.r
      value: 1
      objectReference: {fileID: 0}
    - target: {fileID: 212536614802115988, guid: b64663ed5b0a03f4cb33fe0537155523,
        type: 2}
      propertyPath: m_Color.g
      value: 0.85490197
      objectReference: {fileID: 0}
    - target: {fileID: 212536614802115988, guid: b64663ed5b0a03f4cb33fe0537155523,
        type: 2}
      propertyPath: m_Color.b
      value: 0.043137256
      objectReference: {fileID: 0}
    - target: {fileID: 114121138569712752, guid: b64663ed5b0a03f4cb33fe0537155523,
        type: 2}
      propertyPath: gameColor
      value: 2
      objectReference: {fileID: 0}
    - target: {fileID: 212536614802115988, guid: b64663ed5b0a03f4cb33fe0537155523,
        type: 2}
      propertyPath: m_Color.a
      value: 1
      objectReference: {fileID: 0}
    m_RemovedComponents: []
  m_ParentPrefab: {fileID: 100100000, guid: b64663ed5b0a03f4cb33fe0537155523, type: 2}
  m_IsPrefabParent: 0
--- !u!1001 &1303329161
Prefab:
  m_ObjectHideFlags: 0
  serializedVersion: 2
  m_Modification:
    m_TransformParent: {fileID: 0}
    m_Modifications:
    - target: {fileID: 4999186027758932, guid: ad568c54d0b662c46bc37a91f377cb81, type: 2}
      propertyPath: m_LocalPosition.x
      value: 6.0058
      objectReference: {fileID: 0}
    - target: {fileID: 4999186027758932, guid: ad568c54d0b662c46bc37a91f377cb81, type: 2}
      propertyPath: m_LocalPosition.y
      value: 0.14806
      objectReference: {fileID: 0}
    - target: {fileID: 4999186027758932, guid: ad568c54d0b662c46bc37a91f377cb81, type: 2}
      propertyPath: m_LocalPosition.z
      value: -1.2972
      objectReference: {fileID: 0}
    - target: {fileID: 4999186027758932, guid: ad568c54d0b662c46bc37a91f377cb81, type: 2}
      propertyPath: m_LocalRotation.x
      value: -0
      objectReference: {fileID: 0}
    - target: {fileID: 4999186027758932, guid: ad568c54d0b662c46bc37a91f377cb81, type: 2}
      propertyPath: m_LocalRotation.y
      value: -0
      objectReference: {fileID: 0}
    - target: {fileID: 4999186027758932, guid: ad568c54d0b662c46bc37a91f377cb81, type: 2}
      propertyPath: m_LocalRotation.z
      value: -0
      objectReference: {fileID: 0}
    - target: {fileID: 4999186027758932, guid: ad568c54d0b662c46bc37a91f377cb81, type: 2}
      propertyPath: m_LocalRotation.w
      value: 1
      objectReference: {fileID: 0}
    - target: {fileID: 4999186027758932, guid: ad568c54d0b662c46bc37a91f377cb81, type: 2}
      propertyPath: m_RootOrder
      value: 5
      objectReference: {fileID: 0}
    - target: {fileID: 114221383624135542, guid: ad568c54d0b662c46bc37a91f377cb81,
        type: 2}
      propertyPath: nodeType
      value: 1
      objectReference: {fileID: 0}
    - target: {fileID: 212691187266714692, guid: ad568c54d0b662c46bc37a91f377cb81,
        type: 2}
      propertyPath: m_Color.r
      value: 0
      objectReference: {fileID: 0}
    - target: {fileID: 212691187266714692, guid: ad568c54d0b662c46bc37a91f377cb81,
        type: 2}
      propertyPath: m_Color.g
      value: 0.89411765
      objectReference: {fileID: 0}
    - target: {fileID: 212691187266714692, guid: ad568c54d0b662c46bc37a91f377cb81,
        type: 2}
      propertyPath: m_Color.b
      value: 0.9607843
      objectReference: {fileID: 0}
    - target: {fileID: 114221383624135542, guid: ad568c54d0b662c46bc37a91f377cb81,
        type: 2}
      propertyPath: gameColor
      value: 1
      objectReference: {fileID: 0}
    - target: {fileID: 1549288520470388, guid: ad568c54d0b662c46bc37a91f377cb81, type: 2}
      propertyPath: m_Name
      value: MainEndNode
      objectReference: {fileID: 0}
    - target: {fileID: 4999186027758932, guid: ad568c54d0b662c46bc37a91f377cb81, type: 2}
      propertyPath: m_LocalScale.x
      value: 1.3
      objectReference: {fileID: 0}
    - target: {fileID: 4999186027758932, guid: ad568c54d0b662c46bc37a91f377cb81, type: 2}
      propertyPath: m_LocalScale.y
      value: 1.3
      objectReference: {fileID: 0}
    - target: {fileID: 4999186027758932, guid: ad568c54d0b662c46bc37a91f377cb81, type: 2}
      propertyPath: m_LocalScale.z
      value: 1.3
      objectReference: {fileID: 0}
    m_RemovedComponents: []
  m_ParentPrefab: {fileID: 100100000, guid: ad568c54d0b662c46bc37a91f377cb81, type: 2}
  m_IsPrefabParent: 0
--- !u!1001 &1711320715
Prefab:
  m_ObjectHideFlags: 0
  serializedVersion: 2
  m_Modification:
    m_TransformParent: {fileID: 0}
    m_Modifications:
    - target: {fileID: 4173447985412760, guid: b64663ed5b0a03f4cb33fe0537155523, type: 2}
      propertyPath: m_LocalPosition.x
      value: -2.33
      objectReference: {fileID: 0}
    - target: {fileID: 4173447985412760, guid: b64663ed5b0a03f4cb33fe0537155523, type: 2}
      propertyPath: m_LocalPosition.y
      value: -2.62
      objectReference: {fileID: 0}
    - target: {fileID: 4173447985412760, guid: b64663ed5b0a03f4cb33fe0537155523, type: 2}
      propertyPath: m_LocalPosition.z
      value: -2
      objectReference: {fileID: 0}
    - target: {fileID: 4173447985412760, guid: b64663ed5b0a03f4cb33fe0537155523, type: 2}
      propertyPath: m_LocalRotation.x
      value: -0
      objectReference: {fileID: 0}
    - target: {fileID: 4173447985412760, guid: b64663ed5b0a03f4cb33fe0537155523, type: 2}
      propertyPath: m_LocalRotation.y
      value: -0
      objectReference: {fileID: 0}
    - target: {fileID: 4173447985412760, guid: b64663ed5b0a03f4cb33fe0537155523, type: 2}
      propertyPath: m_LocalRotation.z
      value: -0
      objectReference: {fileID: 0}
    - target: {fileID: 4173447985412760, guid: b64663ed5b0a03f4cb33fe0537155523, type: 2}
      propertyPath: m_LocalRotation.w
      value: 1
      objectReference: {fileID: 0}
    - target: {fileID: 4173447985412760, guid: b64663ed5b0a03f4cb33fe0537155523, type: 2}
      propertyPath: m_RootOrder
      value: 6
      objectReference: {fileID: 0}
    - target: {fileID: 212536614802115988, guid: b64663ed5b0a03f4cb33fe0537155523,
        type: 2}
      propertyPath: m_Color.r
      value: 0.043137256
      objectReference: {fileID: 0}
    - target: {fileID: 212536614802115988, guid: b64663ed5b0a03f4cb33fe0537155523,
        type: 2}
      propertyPath: m_Color.g
      value: 1
      objectReference: {fileID: 0}
    - target: {fileID: 212536614802115988, guid: b64663ed5b0a03f4cb33fe0537155523,
        type: 2}
      propertyPath: m_Color.b
      value: 0.70980394
      objectReference: {fileID: 0}
    - target: {fileID: 114121138569712752, guid: b64663ed5b0a03f4cb33fe0537155523,
        type: 2}
      propertyPath: gameColor
      value: 5
      objectReference: {fileID: 0}
    - target: {fileID: 1256075176855050, guid: b64663ed5b0a03f4cb33fe0537155523, type: 2}
      propertyPath: m_Name
      value: StartNode
      objectReference: {fileID: 0}
    - target: {fileID: 212536614802115988, guid: b64663ed5b0a03f4cb33fe0537155523,
        type: 2}
      propertyPath: m_Color.a
      value: 1
      objectReference: {fileID: 0}
    m_RemovedComponents: []
  m_ParentPrefab: {fileID: 100100000, guid: b64663ed5b0a03f4cb33fe0537155523, type: 2}
  m_IsPrefabParent: 0
